@misc{2017trespass,
  title = {Trespass Casualties by State},
  howpublished = {\url{https://oli.org/about-us/news/statistics/trespassing-fatalities-by-state}},
  note = {Accessed: 2018-12-10}
}

@misc{2018trespass,
  title = {Railroad crossing collisions, deaths up last year},
  howpublished = {\url{https://www.newsleader.com/story/news/local/2018/03/27/railroad-crossing-collisions-deaths-up-last-year/462122002}},
  note = {Accessed: 2018-12-10}
}


@mastersthesis{arkar_thesis,
  author       = {Arkar Min Aung}, 
  title        = {Automatic Eye-Gaze Following from 2-D Static Images: Application to Classroom Observation Video Analysis},
  school       = {Worcester Polytechnic Institute },
  year         = 2018,
  note         = {\url{https://digitalcommons.wpi.edu/etd-theses/251}}
}

@article{lecun1998gradient,
  title={Gradient-based learning applied to document recognition},
  author={LeCun, Yann and Bottou, L{\'e}on and Bengio, Yoshua and Haffner, Patrick and others},
  journal={Proceedings of the IEEE},
  volume={86},
  number={11},
  pages={2278--2324},
  year={1998},
  publisher={Taipei, Taiwan}
}

@book{goodfellow2016deep,
  title={Deep learning},
  author={Goodfellow, Ian and Bengio, Yoshua and Courville, Aaron},
  year={2016},
  publisher={MIT press}
}

@misc{convolution-op,
  howpublished = {\url{https://datascience.stackexchange.com/questions/23183/why-convolutions-always-use-odd-numbers-as-filter-size/23186}},  
  note         = {Accessed: 2019-03-05}
}


@misc{ref_pooling,
  howpublished = {\url{https://stackoverflow.com/questions/44287965/trying-to-confirm-average-pooling-is-equal-to-dropping-high-frequency-fourier-co?noredirect=1&lq=1}},  
  note         = {Accessed: 2019-03-06}
}

@misc{ref_fully_connected,
  howpublished = {\url{https://pennlio.wordpress.com/2014/04/11/fully-connected-locally-connected-and-shared-weights-layer-in-neural-networks}},  
  note         = {Accessed: 2019-03-07}
}

@inproceedings{oquab2014learning,
  title={Learning and transferring mid-level image representations using convolutional neural networks},
  author={Oquab, Maxime and Bottou, Leon and Laptev, Ivan and Sivic, Josef},
  booktitle={Proceedings of the IEEE conference on computer vision and pattern recognition},
  pages={1717--1724},
  year={2014}
}

@Article{ref_pascal,
   author = "Everingham, M. and Eslami, S. M. A. and Van~Gool, L. and Williams, C. K. I. and Winn, J. and Zisserman, A.",
   title = "The Pascal Visual Object Classes Challenge: A Retrospective",
   journal = "International Journal of Computer Vision",
   volume = "111",
   year = "2015",
   number = "1",
   month = jan,
   pages = "98--136",
} 


@article{ref_imagenet,
  title={Imagenet large scale visual recognition challenge},
  author={Russakovsky, Olga and Deng, Jia and Su, Hao and Krause, Jonathan and Satheesh, Sanjeev and Ma, Sean and Huang, Zhiheng and Karpathy, Andrej and Khosla, Aditya and Bernstein, Michael and others},
  journal={International journal of computer vision},
  volume={115},
  number={3},
  pages={211--252},
  year={2015},
  publisher={Springer}
}

@inproceedings{ref_coco,
  title={Microsoft coco: Common objects in context},
  author={Lin, Tsung-Yi and Maire, Michael and Belongie, Serge and Hays, James and Perona, Pietro and Ramanan, Deva and Doll{\'a}r, Piotr and Zitnick, C Lawrence},
  booktitle={European conference on computer vision},
  pages={740--755},
  year={2014},
  organization={Springer}
}


@inproceedings{vioda2001rapid,
  title={Rapid object detection using a boosted cascade of simple features},
  author={VIODA, P},
  booktitle={Proc. IEEE CVPR 2001},
  pages={905--910},
  year={2001}
}



@article{sermanet2013overfeat,
  title={Overfeat: Integrated recognition, localization and detection using convolutional networks},
  author={Sermanet, Pierre and Eigen, David and Zhang, Xiang and Mathieu, Micha{\"e}l and Fergus, Rob and LeCun, Yann},
  journal={arXiv preprint arXiv:1312.6229},
  year={2013}
}


@inproceedings{ref_rcnn,
  title={Rich feature hierarchies for accurate object detection and semantic segmentation},
  author={Girshick, Ross and Donahue, Jeff and Darrell, Trevor and Malik, Jitendra},
  booktitle={Proceedings of the IEEE conference on computer vision and pattern recognition},
  pages={580--587},
  year={2014}
}


@article{uijlings2013selective_search,
  title={Selective search for object recognition},
  author={Uijlings, Jasper RR and Van De Sande, Koen EA and Gevers, Theo and Smeulders, Arnold WM},
  journal={International journal of computer vision},
  volume={104},
  number={2},
  pages={154--171},
  year={2013},
  publisher={Springer}
}


@InProceedings{ref_fastrcnn,
author = {Girshick, Ross},
title = {Fast R-CNN},
booktitle = {The IEEE International Conference on Computer Vision (ICCV)},
month = {December},
year = {2015}
} 


@inproceedings{ref_fasterrcnn,
  title={Faster r-cnn: Towards real-time object detection with region proposal networks},
  author={Ren, Shaoqing and He, Kaiming and Girshick, Ross and Sun, Jian},
  booktitle={Advances in neural information processing systems},
  pages={91--99},
  year={2015}
}

@inproceedings{power2002understanding,
  title={Understanding background mixture models for foreground segmentation},
  author={Power, P Wayne and Schoonees, Johann A},
  booktitle={Proceedings image and vision computing New Zealand},
  volume={2002},
  year={2002}
}


@inproceedings{stauffer1999adaptive,
  title={Adaptive background mixture models for real-time tracking},
  author={Stauffer, Chris and Grimson, W Eric L},
  booktitle={Proceedings. 1999 IEEE Computer Society Conference on Computer Vision and Pattern Recognition (Cat. No PR00149)},
  volume={2},
  pages={246--252},
  year={1999},
  organization={IEEE}
}

@inproceedings{lin2017feature,
  title={Feature pyramid networks for object detection},
  author={Lin, Tsung-Yi and Doll{\'a}r, Piotr and Girshick, Ross and He, Kaiming and Hariharan, Bharath and Belongie, Serge},
  booktitle={Proceedings of the IEEE Conference on Computer Vision and Pattern Recognition},
  pages={2117--2125},
  year={2017}
}

@inproceedings{lowe1999object,
  title={Object recognition from local scale-invariant features.},
  author={Lowe, David G and others},
  booktitle={iccv},
  volume={99},
  pages={1150--1157},
  year={1999}
}

@inproceedings{lin2008pose,
  title={A pose-invariant descriptor for human detection and segmentation},
  author={Lin, Zhe and Davis, Larry S},
  booktitle={European conference on computer vision},
  pages={423--436},
  year={2008},
  organization={Springer}
}

@inproceedings{ren2015faster,
  title={Faster r-cnn: Towards real-time object detection with region proposal networks},
  author={Ren, Shaoqing and He, Kaiming and Girshick, Ross and Sun, Jian},
  booktitle={Advances in neural information processing systems},
  pages={91--99},
  year={2015}
}


@inproceedings{virat20,
  title={A large-scale benchmark dataset for event recognition in surveillance video},
  author={Oh, Sangmin and Hoogs, Anthony and Perera, Amitha and Cuntoor, Naresh and Chen, Chia-Chih and Lee, Jong Taek and Mukherjee, Saurajit and Aggarwal, JK and Lee, Hyungtae and Davis, Larry and others},
  booktitle={CVPR 2011},
  pages={3153--3160},
  year={2011},
  organization={IEEE}
}

@misc{auc,
  title = {Receiver Operating Characteristics curve},
  howpublished = {\url{https://towardsdatascience.com/understanding-auc-roc-curve-68b2303cc9c5}},
  note = {Accessed: 2019-04-24}
}


